@article{bhlitem30465Insects,
	journal = {Bulletin of the Museum of Comparative Zoology at Harvard College},
	volume = {108},
	copyright = {NOT_IN_COPYRIGHT},
	url = {https://www.biodiversitylibrary.org/item/30465},
	note = {https://www.biodiversitylibrary.org/bibliography/2803},
	publisher = {Cambridge, Mass.},
	author = {Charles T. Brues AND A. L. Melander AND Frank M. Carpenter},
	title = {Classification of insects},
	year = {1954},
	pages = {1--917},
	keywords = {Collected Work|Collected Works|Zoology}
}

@book{bhlitem148531crust,
	journal = {Annual report of the Regents},
	volume = {4},
	copyright = {Public domain. The BHL considers that this work is no longer under copyright protection},
	url = {https://www.biodiversitylibrary.org/item/148531},
	note = {https://www.biodiversitylibrary.org/bibliography/51863},
	publisher = {Albany : J.B. Lyon, State Printer},
	author = {Clarke, John M.},
	title = {Higher Crustacea of New York City},
	year = {1904},
	pages = {117--189},
	keywords = {New York State Museum|Periodicals|Science|Societies, etc}
}


@book{bhlitem117775chilo2,
	title = {Text book of zoology},
	copyright = {Public domain. The BHL considers that this work is no longer under copyright protection},
	url = {https://www.biodiversitylibrary.org/item/117775},
	note = {https://www.biodiversitylibrary.org/bibliography/56926},
	publisher = {London : Sampson Low, Marston},
	author = {Boas, Johan Erik Vesti},
	year = {1896},
	pages = {584},
	keywords = {Zoology}
}

@book{bhlitem91180chilopod,
	title = {The zoological miscellany : being descriptions of new, or interesting animals},
	volume = {v.1 (1814)},
	copyright = {Public domain. The BHL considers that this work is no longer under copyright protection},
	url = {https://www.biodiversitylibrary.org/item/91180},
	note = {https://www.biodiversitylibrary.org/bibliography/41372},
	publisher = {London : Printed by B. McMillan for E. Nodder \& Son and sold by all booksellers},
	author = {William Elford Leach AND Frederick Polydore Nodder AND Richard Polydore AND George Nodder},
	year = {1814},
	pages = {280},
	keywords = {Pictorial works|Zoology}
}


@book{bhlitem94979diplopo,
	title = {Acari, Myriopoda et Scorpiones hucusque in Italia reperta},
	volume = {fasc.1 [Ordo Cryptostigmata (Sarcoptidae)] (1882--1897)},
	copyright = {Public domain. The BHL considers that this work is no longer under copyright protection},
	url = {https://www.biodiversitylibrary.org/item/94979},
	note = {https://www.biodiversitylibrary.org/bibliography/69269},
	publisher = {Patavii : Sumptibus Auctoris},
	author = {Antonio Berlese AND Giovanni Canestrini AND Philippo Silvesri},
	year = {1882},
	pages = {254},
	keywords = {Arachnida|Italy|Mites|Myriapoda}
}

@book{bhlitem260979pseudo,
	title = {Die Arachniden Australiens nach der Natur beschrieben und abgebildet},
	volume = {1},
	copyright = {Public domain. The BHL considers that this work is no longer under copyright protection.},
	url = {https://www.biodiversitylibrary.org/item/260979},
	note = {https://www.biodiversitylibrary.org/bibliography/121660},
	publisher = {Nürnberg : Verlag von Bauer \& Raspe},
	author = {Ludwig Koch AND Eduard von Keyserling AND Eugen Keyserling AND Carl Koch},
	year = {1871},
	pages = {718},
	keywords = {Arachnida|Australia|Islands of the Pacific}
}


@article{snodgrass1937morphology,
  title={Morphology of the insect abdomen. Part III. The male genitalia (including arthropods other than insects)},
  author={Snodgrass, Robert Evans},
  journal={Smithsonian Miscellaneous Collections},
  volume = {95},
  issue = {14},
  year={1936},
  pages = {1--96},
  note = {https://www.biodiversitylibrary.org/page/24739695}
}

@book{bhlitem21199comstock,
	title = {The spider book; a manual for the study of the spiders and their near relatives, the scorpions, pseudoscorpions, whip-scorpions, harvestmen, and other members of the class Arachnida, found in America north of Mexico, with analytical keys for their classification and popular accounts of their habits},
	copyright = {NOT_IN_COPYRIGHT},
	url = {https://www.biodiversitylibrary.org/item/21199},
	note = {https://www.biodiversitylibrary.org/bibliography/3163},
	publisher = {Garden City, Doubleday, Page \& Company},
	author = {Comstock, John Henry},
	year = {1912},
	pages = {752},
	keywords = {Arachnida|North America}
}

@book{bhlitem132773acari,
	title = {The Acarina or mites. A review of the group for the use of economic entomologists},
	volume = {no.108},
	copyright = {The contributing institution believes that this item is not in copyright},
	url = {https://www.biodiversitylibrary.org/item/132773},
	note = {https://www.biodiversitylibrary.org/bibliography/65927},
	publisher = {Washington, D.C. : G.P.O.},
	author = {Banks, Nathan},
	year = {1915},
	pages = {150},
	keywords = {Mites}
}

@book{bhlitem55834arach,
	title = {Die Arachniden : Getreu nach der Natur abgebildet und beschrieben},
	volume = {bd. 1 (1831)},
	copyright = {NOT_IN_COPYRIGHT},
	url = {https://www.biodiversitylibrary.org/item/55834},
	note = {https://www.biodiversitylibrary.org/bibliography/43744},
	publisher = {Nürnberg : In der C. H. Zeh'schen Buchhandlung},
	author = {Koch, Carl Ludwig and Hahn, Carl Wilhelm},
	year = {1831},
	pages = {216},
	keywords = {Arachnida}
}

@book{bhlitem155735cope,
	title = {British fresh-water Copepoda},
	volume = {v.1 (1931)},
	copyright = {Not provided.  Contact Contributing Library to verify copyright status.},
	url = {https://www.biodiversitylibrary.org/item/155735},
	note = {https://www.biodiversitylibrary.org/bibliography/82138},
	publisher = {London : Ray Society,},
	author = {Gurney, Robert},
	year = {1931},
	pages = {308},
	keywords = {Copepoda|Crustacea|Great Britain}
}

@book{bhlitem16837entom,
	title = {A text-book of entomology, including the anatomy, physiology, embryology and metamorphoses of insects, for use in agricultural and technical schools and colleges as well as by the working entomologist},
	copyright = {Public domain.  The BHL considers that this work is no longer under copyright protection.},
	url = {https://www.biodiversitylibrary.org/item/16837},
	note = {https://www.biodiversitylibrary.org/bibliography/1758},
	publisher = {New York,The Macmillan company},
	author = {Packard, Alpheus Spring},
	year = {1898},
	pages = {762},
	keywords = {Insects|}
}

@article{bhlpart201070OnychLeg,
	title = {Memoirs: The Distribution and Classification of the Onychophora},
	journal = {Quarterly journal of microscopical science},
	volume = {52},
	copyright = {Public domain. The BHL considers that this work is no longer under copyright protection.},
	url = {https://www.biodiversitylibrary.org/part/201070},
	publisher = {London,J. and A. Churchill [etc.]},
	author = {Sedgwick, Adam},
	year = {1908},
	pages = {379--406}
}

@book{bhlitem40112britmus,
	title = {Guide to the Crustacea, Arachnida, Onychophora and Myriopoda exhibited in the Department of Zoology, British Museum (Natural History)},
	copyright = {Public domain. The BHL considers that this work is no longer under copyright protection.},
	url = {https://www.biodiversitylibrary.org/item/40112},
	note = {https://www.biodiversitylibrary.org/bibliography/9889},
	publisher = {London : Printed by order of the Trustees},
	author = {{British Museum (Natural History)}},
	year = {1910},
	pages = {144},
	keywords = {Arachnida|Crustacea|Electronic books|Myriapoda|Onychophora}
}

@article{greb2006evolution,
  title={Evolution and importance of wetlands in earth history},
  author={Greb, Stephen F and DiMichele, William A and Gastaldo, Robert A},
  journal={Geological Society of America Special Papers},
  volume={399},
  pages={1--40},
  year={2006},
  doi = {10.1130/2006.2399(01)},
  publisher={Geological Society of America}
}

@article{Dunlop2010124,
title = "Geological history and phylogeny of Chelicerata ",
journal = "Arthropod Structure \& Development ",
volume = "39",
number = "2--3",
pages = "124--142",
year = "2010",
note = "Fossil Record and Phylogeny of the Arthropoda ",
doi = "10.1016/j.asd.2010.01.003",
author = "Jason A. Dunlop"
}

@article{miyazawa2010,
author = {H. Miyazawa AND C. Ueda AND K. Yahata AND Z.-H. Su},
year = {2010},
title = {Molecular phylogeny of Myriapoda provides insights into evolutionary patterns of the mode in post-embryonic development},
journal = {Scientic Reports}, 
volume = {4},
issue = {4127},
pages = {1--9},
doi = {10.1038/srep04127}
}

@incollection{Dunlop2013,
author={Dunlop, Jason A. and Scholtz, Gerhard and Selden, Paul A.},
editor={Minelli, Alessandro and Boxshall, Geoffrey and Fusco, Giuseppe},
title={Water-to-Land Transitions},
bookTitle={Arthropod Biology and Evolution: Molecules, Development, Morphology},
year={2013},
publisher={Springer Berlin Heidelberg},
address={Berlin, Heidelberg},
pages={417--439},
isbn={978-3-642-36160-9},
doi={10.1007/978-3-642-36160-9\_16}
}

@misc{ENT532,
author = {{Open Entomology Project}},
year = {2021},
title = {Insect Biodiversity and Evolution},
howpublished = {\url{https://github.com/OpenEntomology/InsectBiodiversityEvolution}},
note = {Accessed 19 March 2021}
}